<record><leader>00000cas a2200000 i 4500</leader><controlfield tag="001">894512116</controlfield><controlfield tag="006">m     o  d        </controlfield><controlfield tag="007">cr |||||||||||</controlfield><controlfield tag="008">141105d188719uuncuwn neo     0   a0eng  </controlfield><datafield ind1=" " ind2=" " tag="010"><subfield code="a">  2014218730</subfield></datafield><datafield ind1=" " ind2=" " tag="040"><subfield code="a">DLC</subfield><subfield code="b">eng</subfield><subfield code="e">rda</subfield><subfield code="c">DLC</subfield><subfield code="d">DLC</subfield><subfield code="d">OCLCF</subfield></datafield><datafield ind1="0" ind2=" " tag="022"><subfield code="a">2375-897X</subfield><subfield code="2">1</subfield></datafield><datafield ind1=" " ind2=" " tag="042"><subfield code="a">pcc</subfield><subfield code="a">nsdp</subfield></datafield><datafield ind1=" " ind2=" " tag="043"><subfield code="a">n-us-nc</subfield></datafield><datafield ind1="1" ind2="0" tag="050"><subfield code="a">ISSN RECORD</subfield></datafield><datafield ind1="0" ind2="0" tag="082"><subfield code="a">071</subfield><subfield code="2">23</subfield></datafield><datafield ind1=" " ind2="0" tag="222"><subfield code="a">Fisherman &amp; farmer</subfield><subfield code="b">(Online)</subfield></datafield><datafield ind1="0" ind2="0" tag="245"><subfield code="a">Fisherman &amp; farmer.</subfield></datafield><datafield ind1="3" ind2="0" tag="246"><subfield code="a">Fisherman and farmer</subfield></datafield><datafield ind1=" " ind2="1" tag="264"><subfield code="a">Edenton, N.C. :</subfield><subfield code="b">Fisherman &amp; Farmer Publishing Co.,</subfield><subfield code="c">1887-</subfield></datafield><datafield ind1=" " ind2=" " tag="300"><subfield code="a">1 online resource</subfield></datafield><datafield ind1=" " ind2=" " tag="310"><subfield code="a">Weekly (except at Christmas)</subfield></datafield><datafield ind1=" " ind2=" " tag="336"><subfield code="a">text</subfield><subfield code="b">txt</subfield><subfield code="2">rdacontent</subfield></datafield><datafield ind1=" " ind2=" " tag="337"><subfield code="a">computer</subfield><subfield code="b">c</subfield><subfield code="2">rdamedia</subfield></datafield><datafield ind1=" " ind2=" " tag="338"><subfield code="a">online resource</subfield><subfield code="b">cr</subfield><subfield code="2">rdacarrier</subfield></datafield><datafield ind1="1" ind2=" " tag="362"><subfield code="a">Began with no. 133 (December 16, 1887).</subfield></datafield><datafield ind1=" " ind2=" " tag="500"><subfield code="a">Published as: Fisherman and farmer, Sept. 14, 1888-</subfield></datafield><datafield ind1=" " ind2=" " tag="500"><subfield code="a">Published in Elizabeth City, N.C., March 20, 1896-</subfield></datafield><datafield ind1=" " ind2=" " tag="500"><subfield code="a">Publisher: W. J. Crowson, &lt;December 26, 1901&gt;.</subfield></datafield><datafield ind1=" " ind2=" " tag="515"><subfield code="a">Numbering ceased with Feb. 28, 1896 issue.</subfield></datafield><datafield ind1=" " ind2=" " tag="588"><subfield code="a">Description based on: No. 133 (December 16, 1887); title from masthead (Chroniclingamerica.loc.gov, viewed November 5, 2014).</subfield></datafield><datafield ind1=" " ind2=" " tag="588"><subfield code="a">Latest issue consulted: December 26, 1901 (Chroniclingamerica.loc.gov, viewed November 5, 2014).</subfield></datafield><datafield ind1=" " ind2="0" tag="651"><subfield code="a">Edenton (N.C.)</subfield><subfield code="v">Newspapers.</subfield></datafield><datafield ind1=" " ind2="7" tag="655"><subfield code="a">Newspapers.</subfield><subfield code="2">fast</subfield><subfield code="0">(OCoLC)fst01423814</subfield></datafield><datafield ind1=" " ind2="7" tag="651"><subfield code="a">North Carolina</subfield><subfield code="z">Edenton.</subfield><subfield code="2">fast</subfield><subfield code="0">(OCoLC)fst01220051</subfield></datafield><datafield ind1=" " ind2=" " tag="752"><subfield code="a">United States</subfield><subfield code="b">North Carolina</subfield><subfield code="c">Pasquotank</subfield><subfield code="d">Elizabeth City.</subfield></datafield><datafield ind1=" " ind2=" " tag="752"><subfield code="a">United States</subfield><subfield code="b">North Carolina</subfield><subfield code="c">Chowan</subfield><subfield code="d">Edenton.</subfield></datafield><datafield ind1="0" ind2="8" tag="776"><subfield code="i">Originally issued in print:</subfield><subfield code="t">Fisherman &amp; farmer</subfield><subfield code="x">2375-8961</subfield><subfield code="w">(DLC)sn 91068084</subfield><subfield code="w">(OCoLC)24130067</subfield></datafield><datafield ind1="0" ind2="0" tag="780"><subfield code="t">Semi-weekly fisherman &amp; farmer</subfield><subfield code="x">2376-0192</subfield><subfield code="w">(DLC)  2014218741</subfield><subfield code="w">(OCoLC)895032877</subfield></datafield><datafield ind1="4" ind2="0" tag="856"><subfield code="u">http://www.loc.gov/chroniclingamerica/lccn/sn91068084/issues</subfield></datafield></record>